@article{bottcher2023control,
  title={Control of dual-sourcing inventory systems using recurrent neural networks},
  author={B{\"o}ttcher, Lucas and Asikis, Thomas and Fragkos, Ioannis},
  journal={INFORMS Journal on Computing},
  volume={35},
  number={6},
  pages={1308--1328},
  year={2023}
}

@article{sun2019robust,
  title={Robust dual sourcing inventory management: Optimality of capped dual index policies and smoothing},
  author={Sun, Jiankun and Van Mieghem, Jan A},
  journal={Manufacturing \& Service Operations Management},
  volume={21},
  number={4},
  pages={912--931},
  year={2019}
}

@article{barankin1961delivery,
  author    = {Barankin, Edward},
  title     = {A delivery-lag inventory model with an emergency provision},
  journal   = {Naval Research Logistics Quarterly},
  volume    = {8},
  pages     = {285--311},
  year      = {1961}
}

@article{fukuda1964optimal,
  author    = {Fukuda, Yasunari},
  title     = {Optimal policies for the inventory problem with negotiable leadtime},
  journal   = {Management Science},
  volume    = {10},
  number    = {4},
  pages     = {690--708},
  year      = {1964}
}

@inproceedings{yang2022injecting,
  author       = {Zhun Yang and
                  Joohyung Lee and
                  Chiyoun Park},
  editor       = {Kamalika Chaudhuri and
                  Stefanie Jegelka and
                  Le Song and
                  Csaba Szepesv{\'{a}}ri and
                  Gang Niu and
                  Sivan Sabato},
  title        = {Injecting logical constraints into neural networks via straight-through
                  estimators},
  booktitle    = {International Conference on Machine Learning, {ICML} 2022, 17-23 July
                  2022, Baltimore, Maryland, {USA}},
  series       = {Proceedings of Machine Learning Research},
  volume       = {162},
  pages        = {25096--25122},
  publisher    = {{PMLR}},
  year         = {2022},
  url          = {https://proceedings.mlr.press/v162/yang22h.html}
}

@inproceedings{asikis2023multi,
  author    = {Thomas Asikis},
  title     = {Towards recommendations for value sensitive sustainable consumption},
  booktitle = {NeurIPS 2023 Workshop on Tackling Climate Change with Machine Learning: Blending New and Existing Knowledge Systems},
  year      = {2023},
  url       = {https://nips.cc/virtual/2023/76939},
}