@article{doi:10.1103/PhysRev.47.777,
	title = {Can Quantum-Mechanical Description of Physical Reality Be Considered Complete?},
	volume = {47},
	ISSN = {0031-899X},
	url = {http://dx.doi.org/10.1103/PhysRev.47.777},
	DOI = {10.1103/physrev.47.777},
	number = {10},
	journal = {Physical Review},
	publisher = {American Physical Society (APS)},
	author = {Einstein, A. and Podolsky, B. and Rosen, N.},
	year = {1935},
	month = {may},
	pages = {777â€“780}
}


@misc{umb,
	author = {{Michael Zietz}},
	title = {Micromanubot (version 0.1.0)},
	year = {2024},
	url = {https://github.com/zietzm/umb}
}
